@article{MoreIsDifferent,
  title        = {More {{Is Different}}: {{Broken}} Symmetry and the Nature of the Hierarchical Structure of Science.},
  shorttitle   = {More {{Is Different}}},
  author       = {Anderson, P. W.},
  date         = {1972-08-04},
  journaltitle = {Science},
  shortjournal = {Science},
  volume       = {177},
  number       = {4047},
  pages        = {393--396},
  issn         = {0036-8075, 1095-9203},
  doi          = {10.1126/science.177.4047.393}
}
